@article{pytorch-tensor-intro,
	author    = {facebook},
	title     = {pytorch tutorial tensor},
	journal   = {pytorch.org},
	volume    = {1603.02754},
	year      = {2019},
	url       = {https://pytorch.org/tutorials/beginner/blitz/tensor_tutorial.html},
	archivePrefix = {arXiv},
	eprint    = {1603.02754},
	timestamp = {Wed, 07 Jun 2017 14:40:11 +0200},
	biburl    = {https://dblp.org/rec/bib/journals/corr/BakryEEE15},
	bibsource = {dblp computer science bibliography, https://dblp.org}
}
@article{csdn-blog-my-tensor1,
	author    = {最老程序员},
	title     = {PyTorch学习笔记1---张量},
	journal   = {blog.csdn.net},
	volume    = {yt7589},
	year      = {2019},
	url       = {https://blog.csdn.net/Yt7589/article/details/103348336},
	archivePrefix = {arXiv},
	eprint    = {1603.02754},
	timestamp = {Wed, 07 Jun 2017 14:40:11 +0200},
	biburl    = {https://dblp.org/rec/bib/journals/corr/BakryEEE15},
	bibsource = {dblp computer science bibliography, https://dblp.org}
}
@Book{deep-learning-with-pytorch,
   author =   "Eli Stevens, Luca Antiga", 
   title =   "Deep Learning with PyTorch", 
   publisher =   "Manning",
   address = "www.manning.com",
   year =   "2019"
}
@Book{dl-tf-theano,
   author =   "闫涛，周琦", 
   title =   "深度学习算法实践---基于Theano和TensorFlow", 
   publisher =   "电子工业出版社",
   address = "北京市丰台区",
   year =   "2017"
}
@article{pytorch-nn-in-detail1,
	author    = {Jeremy Howard},
	title     = {WHAT IS TORCH.NN REALLY?},
	journal   = {pytorch.org},
	volume    = {tutorials},
	year      = {2019},
	url       = {https://pytorch.org/tutorials/beginner/nn_tutorial.html},
	archivePrefix = {pytorch.org},
	eprint    = {1603.02754},
	timestamp = {Wed, 07 Jun 2017 14:40:11 +0200},
	biburl    = {https://dblp.org/rec/bib/journals/corr/BakryEEE15},
	bibsource = {dblp computer science bibliography, https://dblp.org}
}
@article{maxtrix-capsules-with-em-routing,
	author    = {. E. Hinton, S. Sabour, and N. Frosst},
	title     = {Matrix Capsules with EM routing},
	journal   = {International Conference on Learning Representations},
	volume    = {tutorials},
	year      = {2018},
	url       = {https://pytorch.org/},
	archivePrefix = {pytorch.org},
	eprint    = {1603.02754},
	timestamp = {Wed, 07 Jun 2017 14:40:11 +0200},
	biburl    = {https://dblp.org/rec/bib/journals/corr/BakryEEE15},
	bibsource = {dblp computer science bibliography, https://dblp.org}
}

@article{spatial-ransformer-etworks,
	author    = {M. Jaderberg, K. Simonyan, A. Zisserman, and K. Kavukcuoglu},
	title     = {Spatial Transformer Networks},
	journal   = {arxiv.org},
	volume    = {1506.02025v1},
	year      = {2015},
	url       = {https://arxiv.org/abs/1506.02025v1},
	archivePrefix = {pytorch.org},
	eprint    = {1603.02754},
	timestamp = {Wed, 07 Jun 2017 14:40:11 +0200},
	biburl    = {https://dblp.org/rec/bib/journals/corr/BakryEEE15},
	bibsource = {dblp computer science bibliography, https://dblp.org}
}

@article{deep-residual-earning-for-image-recognition,
	author    = {Kaiming HeX,iangyu Zhang,Shaoqing Ren,Jian Sun},
	title     = {Deep Residual Learning for Image Recognition},
	journal   = {arxiv.org},
	volume    = {1512.03385},
	year      = {2015},
	url       = {https://arxiv.org/abs/1512.03385},
	archivePrefix = {pytorch.org},
	eprint    = {1512.03385},
	timestamp = {Wed, 07 Jun 2017 14:40:11 +0200},
	biburl    = {https://dblp.org/rec/bib/journals/corr/BakryEEE15},
	bibsource = {dblp computer science bibliography, https://dblp.org}
}

@article{lstm-theory-tutorial,
	author    = {colah},
	title     = {Understanding LSTMs},
	journal   = {colah.blog},
	volume    = {2015-08-Understanding-LSTMs},
	year      = {2015},
	url       = {https://colah.github.io/posts/2015-08-Understanding-LSTMs/},
	archivePrefix = {pytorch.org},
	eprint    = {1512.03385},
	timestamp = {Wed, 07 Jun 2017 14:40:11 +0200},
	biburl    = {https://dblp.org/rec/bib/journals/corr/BakryEEE15},
	bibsource = {dblp computer science bibliography, https://dblp.org}
}

@article{neural-turing-machines,
	author    = {Alex Graves,Greg Wayne, Ivo Danihelka},
	title     = {Neural Turing Machines},
	journal   = {arxiv.org},
	volume    = {1410.5401},
	year      = {2014},
	url       = {https://arxiv.org/abs/1410.5401},
	archivePrefix = {arxiv.org},
	eprint    = {1410.5401},
	timestamp = {Wed, 07 Jun 2017 14:40:11 +0200},
	biburl    = {https://dblp.org/rec/bib/journals/corr/BakryEEE15},
	bibsource = {dblp computer science bibliography, https://dblp.org}
}

@article{chinese-poetry,
	author    = {broadview},
	title     = {Chinese Poetry Generation Tutorial},
	journal   = {github.com},
	volume    = {1410.5401},
	year      = {2017},
	url       = {https://github.com/chinese-poetry/chinese-poetry},
	archivePrefix = {arxiv.org},
	eprint    = {1410.5401},
	timestamp = {Wed, 07 Jun 2017 14:40:11 +0200},
	biburl    = {https://dblp.org/rec/bib/journals/corr/BakryEEE15},
	bibsource = {dblp computer science bibliography, https://dblp.org}
}

@article{pytorch-official-chatbot-tutorial,
	author    = {pytorch},
	title     = {PyTorch Chatbot Tutorial},
	journal   = {pythorch.org},
	volume    = {1410.5401},
	year      = {2017},
	url       = {https://pytorch.org/tutorials/beginner/chatbot_tutorial.html},
	archivePrefix = {arxiv.org},
	eprint    = {1410.5401},
	timestamp = {Wed, 07 Jun 2017 14:40:11 +0200},
	biburl    = {https://dblp.org/rec/bib/journals/corr/BakryEEE15},
	bibsource = {dblp computer science bibliography, https://dblp.org}
}

@article{cornell-movie-dialogs-corpus,
	author    = {Cristian Danescu-Niculescu-Mizil and Lillian Lee},
	title     = {Chameleons in imagined conversations: A new approach to understanding coordination of linguistic style in dialogs},
	journal   = {www.cs.cornell.edu},
	volume    = {1410.5401},
	year      = {2011},
	url       = {https://www.cs.cornell.edu/~cristian/Cornell_Movie-Dialogs_Corpus.html},
	archivePrefix = {arxiv.org},
	eprint    = {1410.5401},
	timestamp = {Wed, 07 Jun 2017 14:40:11 +0200},
	biburl    = {https://dblp.org/rec/bib/journals/corr/BakryEEE15},
	bibsource = {dblp computer science bibliography, https://dblp.org}
}

@article{attention-is-all-you-need,
	author    = {Ashish Vaswani, Noam Shazeer, Niki Parmar, Jakob Uszkoreit, Llion Jones, Aidan N Gomez, Lukasz Kaiser, and Illia Polosukhin},
	title     = {Attention is All You Need},
	journal   = {papers.nips.cc},
	volume    = {7181},
	year      = {2017},
	url       = {http://papers.nips.cc/paper/7181-attention-is-all-you-need.pdf},
	archivePrefix = {arxiv.org},
	eprint    = {1410.5401},
	timestamp = {Wed, 07 Jun 2017 14:40:11 +0200},
	biburl    = {https://dblp.org/rec/bib/journals/corr/BakryEEE15},
	bibsource = {dblp computer science bibliography, https://dblp.org}
}

@article{sequence-to-sequence-with-transformer-pytext,
	author    = {pytorch.org},
	title     = {Sequence to Sequence Modeling with nn.Transformer Torchtext},
	journal   = {pytorch.org},
	volume    = {tutorials/beginner},
	year      = {2019},
	url       = {https://pytorch.org/tutorials/beginner/transformer_tutorial.html},
	archivePrefix = {pytorch.org},
	eprint    = {1410.5401},
	timestamp = {Wed, 07 Jun 2017 14:40:11 +0200},
	biburl    = {https://dblp.org/rec/bib/journals/corr/BakryEEE15},
	bibsource = {dblp computer science bibliography, https://dblp.org}
}

@article{reformer-paper,
	author    = {Nikita Kitaev,Lukasz Kaiser,Anselm Levskaya},
	title     = {REFORMER: THE EFFICIENT TRANSFORMER},
	journal   = {ICLR2020},
	volume    = {2001.04451},
	year      = {2020},
	url       = {https://openreview.net/pdf?id=rkgNKkHtvB},
	archivePrefix = {openreview.net},
	eprint    = {2001.04451},
	timestamp = {Wed, 07 Jun 2017 14:40:11 +0200},
	biburl    = {https://dblp.org/rec/bib/journals/corr/BakryEEE15},
	bibsource = {dblp computer science bibliography, https://dblp.org}
}

@article{reformer-pytorch-github,
	author    = {lucidrains},
	title     = {reformer-pytorch},
	journal   = {github.com},
	volume    = {lucidrains},
	year      = {2020},
	url       = {https://github.com/lucidrains/reformer-pytorch},
	archivePrefix = {openreview.net},
	eprint    = {2001.04451},
	timestamp = {Wed, 07 Jun 2017 14:40:11 +0200},
	biburl    = {https://dblp.org/rec/bib/journals/corr/BakryEEE15},
	bibsource = {dblp computer science bibliography, https://dblp.org}
}

@article{transformer-chatbot-github,
	author    = {chloerobotics},
	title     = {chloebot},
	journal   = {github.com},
	volume    = {chloerobotics},
	year      = {2020},
	url       = {https://github.com/chloerobotics/chloebot},
	archivePrefix = {github.com},
	eprint    = {2001.04451},
	timestamp = {Wed, 07 Jun 2017 14:40:11 +0200},
	biburl    = {https://dblp.org/rec/bib/journals/corr/BakryEEE15},
	bibsource = {dblp computer science bibliography, https://dblp.org}
}


